@article{raftPaper,
	author = "Ongaro, Diego and Ousterhout, John",
	title = "In Search of an Understandable Consensus Algorithm (Extended Version)",
	journal = "",
	year = 2013,
	}
	
@misc{logCabin,
	author = "Ongaro, Diego",
	title = {LogCabin},
	howpublished = {\url{https://github.com/logcabin/logcabin}},
	}
	
@misc{etcD,
	author = "Mizerany, Blake; Li, Xiang and Qin, Yicheng",
	title = {etcd/raft},
	howpublished = {\url{https://github.com/coreos/etcd}},
	}
	